@book{niven2008introduction,
  title={An introduction to the theory of numbers},
  author={Niven, Ivan and Zuckerman, Herbert S and Montgomery, Hugh L},
  year={2008},
  publisher={John Wiley \& Sons}
}